<?xml version="1.0" encoding="UTF-8"?><collection xmlns="http://www.loc.gov/MARC21/slim"><record><leader>00502nam--2200181-i-4500</leader><controlfield tag="001">000040827</controlfield><controlfield tag="002">20161230</controlfield><controlfield tag="005">20161230201042</controlfield><controlfield tag="008">060222s1000------------r-----000-0-ger-d</controlfield><datafield ind1=" " ind2=" " tag="040"><subfield code="a">IFIN-HH</subfield></datafield><datafield ind1=" " ind2=" " tag="041"><subfield code="a">ger</subfield></datafield><datafield ind1=" " ind2=" " tag="080"><subfield code="a">532.58(043)</subfield></datafield><datafield ind1="1" ind2=" " tag="100"><subfield code="a">Schwartzl, Josef Fridrich</subfield></datafield><datafield ind1="1" ind2="0" tag="245"><subfield code="a">Zur anisotropie des reiibungsbruckes dipolare. flussigkeiten. dissertation</subfield><subfield code="c">Josef fridrich schwartzl</subfield></datafield><datafield ind1=" " ind2=" " tag="260"><subfield code="a">Berlin, Univ.,1988</subfield></datafield><datafield ind1=" " ind2=" " tag="300"><subfield code="a">155 P</subfield></datafield><datafield ind1=" " ind2=" " tag="852"><subfield code="a">78777</subfield><subfield code="c">532</subfield></datafield><datafield ind1=" " ind2=" " tag="CAT"><subfield code="a">Sys</subfield><subfield code="c">20100902</subfield><subfield code="h">141750</subfield></datafield></record></collection>